% Put you own bibliography entries in this file

@inproceedings{Chen:2016:XST:2939672.2939785,
 author = {Chen, Tianqi and Guestrin, Carlos},
 title = {{XGBoost}: A Scalable Tree Boosting System},
 booktitle = {Proceedings of the 22nd ACM SIGKDD International Conference on Knowledge Discovery and Data Mining},
 series = {KDD '16},
 year = {2016},
 isbn = {978-1-4503-4232-2},
 location = {San Francisco, California, USA},
 pages = {785--794},
 numpages = {10},
 url = {http://doi.acm.org/10.1145/2939672.2939785},
 doi = {10.1145/2939672.2939785},
 acmid = {2939785},
 publisher = {ACM},
 address = {New York, NY, USA},
 keywords = {large-scale machine learning},
}
@book{shaw,
  author    = {Brian R. Martin and Graham Shaw}, 
  title     = {Particle Physics},
  publisher = {Wiley},
  year      = 1993,
  series    = 10,
  edition   = 4,
  month     = 7,
  isbn      = {978-1-118-91190-7}
}

@article{ATLASTrigger2016Paper,
      author         = "{ATLAS Collaboration}",
      title          = "{Performance of the ATLAS Trigger System in 2015}",
      collaboration  = "ATLAS",
      journal        = "Eur. Phys. J. C",
      volume         = "77",
      year           = "2017",
      number         = "5",
      pages          = "317",
      doi            = "10.1140/epjc/s10052-017-4852-3",
      eprint         = "1611.09661",
      archivePrefix  = "arXiv",
      primaryClass   = "hep-ex",
      reportNumber   = "CERN-EP-2016-241",
      SLACcitation   = "%%CITATION = ARXIV:1611.09661;%%"
}

@article{Aad:2008zzm,
	author         = "{ATLAS Collaboration}",
	Doi = {10.1088/1748-0221/3/08/S08003},
	Journal = {JINST},
	Pages = {S08003},
	Slaccitation = {%%CITATION = JINST,3,S08003;%%},
	Title = {{The ATLAS Experiment at the CERN Large Hadron Collider}},
	Volume = {3},
	Year = {2008},
	Bdsk-Url-1 = {https://dx.doi.org/10.1088/1748-0221/3/08/S08003}}

@article{B-layerRef,
      author     = "{ATLAS Collaboration}",
      title       = "{ATLAS Insertable B-Layer Technical Design Report}",
      journal      = "ATLAS-TDR-19",
      year        = "2010",
      url     = "https://cdsweb.cern.ch/record/1291633",
      addendum     = "{\textit{ATLAS Insertable B-Layer Technical Design Report Addendum}}, ATLAS-TDR-19-ADD-1, 2012, {\scriptsize{URL}}: \url{https://cds.cern.ch/record/1451888}",
}

@manual{variables_image,
      title  = "Momentum - taking a closer look at the LHC",
      url    = "https://www.lhc-closer.es/taking_a_closer_look_at_lhc/0.momentum",
      year   = "2009 (accessed July 25, 2020)"
    }

@article{Abbott:2018ikt,
      author         = "Abbott, B. and others",
      title          = "{Production and Integration of the ATLAS Insertable
                        B-Layer}",
      collaboration  = "ATLAS IBL",
      journal        = "JINST",
      volume         = "13",
      year           = "2018",
      number         = "05",
      pages          = "T05008",
      doi            = "10.1088/1748-0221/13/05/T05008",
      eprint         = "1803.00844",
      archivePrefix  = "arXiv",
      primaryClass   = "physics.ins-det",
      SLACcitation   = "%%CITATION = ARXIV:1803.00844;%%"
}

@article{Aaboud:2017wqg,
    author = "{ATLAS Collaboration}",
    collaboration = "ATLAS",
    title = "{Search for supersymmetry in events with $b$-tagged jets and missing transverse momentum in $pp$ collisions at $\sqrt{s}=13$ TeV with the ATLAS detector}",
    eprint = "1708.09266",
    archivePrefix = "arXiv",
    primaryClass = "hep-ex",
    reportNumber = "CERN-EP-2017-154",
    doi = "10.1007/JHEP11(2017)195",
    journal = "JHEP",
    volume = "11",
    pages = "195",
    year = "2017"
}

@article{Aaboud:2016nwl,
    author = "{ATLAS Collaboration}",
    collaboration = "ATLAS",
    title = "{Search for bottom squark pair production in proton--proton collisions at $\sqrt{s}=13$  TeV with the ATLAS detector}",
    eprint = "1606.08772",
    archivePrefix = "arXiv",
    primaryClass = "hep-ex",
    reportNumber = "CERN-EP-2016-138",
    doi = "10.1140/epjc/s10052-016-4382-4",
    journal = "Eur. Phys. J. C",
    volume = "76",
    number = "10",
    pages = "547",
    year = "2016"
}

@article{Aad:2015pfx,
    author = "{ATLAS Collaboration}",
    collaboration = "ATLAS",
    title = "{ATLAS Run 1 searches for direct pair production of third-generation squarks at the Large Hadron Collider}",
    eprint = "1506.08616",
    archivePrefix = "arXiv",
    primaryClass = "hep-ex",
    reportNumber = "CERN-PH-EP-2015-138",
    doi = "10.1140/epjc/s10052-015-3726-9",
    journal = "Eur. Phys. J. C",
    volume = "75",
    number = "10",
    pages = "510",
    year = "2015",
    note = "[Erratum: Eur.Phys.J.C 76, 153 (2016)]"
}

@article{Aad:2013ija,
    author = "{ATLAS Collaboration}",
    collaboration = "ATLAS",
    title = "{Search for direct third-generation squark pair production in final states with missing transverse momentum and two $b$-jets in $\sqrt{s} =$ 8 TeV $pp$ collisions with the ATLAS detector}",
    eprint = "1308.2631",
    archivePrefix = "arXiv",
    primaryClass = "hep-ex",
    reportNumber = "CERN-PH-EP-2013-119",
    doi = "10.1007/JHEP10(2013)189",
    journal = "JHEP",
    volume = "10",
    pages = "189",
    year = "2013"
}

@article{Aad:2011cw,
    author = "{ATLAS Collaboration}",
    collaboration = "ATLAS",
    title = "{Search for scalar bottom quark pair production with the ATLAS detector in $pp$ Collisions at $\sqrt{s}=7$ TeV}",
    eprint = "1112.3832",
    archivePrefix = "arXiv",
    primaryClass = "hep-ex",
    reportNumber = "CERN-PH-EP-2011-195",
    doi = "10.1103/PhysRevLett.108.181802",
    journal = "Phys. Rev. Lett.",
    volume = "108",
    pages = "181802",
    year = "2012"
}

@article{Sirunyan:2019ctn,
    author = "{CMS Collaboration}",
    collaboration = "CMS",
    title = "{Search for supersymmetry in proton-proton collisions at 13 TeV in final states with jets and missing transverse momentum}",
    eprint = "1908.04722",
    archivePrefix = "arXiv",
    primaryClass = "hep-ex",
    reportNumber = "CMS-SUS-19-006, CERN-EP-2019-152",
    doi = "10.1007/JHEP10(2019)244",
    journal = "JHEP",
    volume = "10",
    pages = "244",
    year = "2019"
} %137/ifb

@article{Sirunyan:2019xwh,
    author = "{CMS Collaboration}",
    collaboration = "CMS",
    title = "{Searches for physics beyond the standard model with the $M_\mathrm{T2}$ variable in hadronic final states with and without disappearing tracks in proton-proton collisions at $\sqrt{s}=$ 13 TeV}",
    eprint = "1909.03460",
    archivePrefix = "arXiv",
    primaryClass = "hep-ex",
    reportNumber = "CMS-SUS-19-005, CERN-EP-2019-180",
    doi = "10.1140/epjc/s10052-019-7493-x",
    journal = "Eur. Phys. J. C",
    volume = "80",
    number = "1",
    pages = "3",
    year = "2020"
} %137/ifb

@article{Sirunyan:2018vjp,
    author = "{CMS Collaboration}",
    collaboration = "CMS",
    title = "{Search for natural and split supersymmetry in proton-proton collisions at $ \sqrt{s}=13 $ TeV in final states with jets and missing transverse momentum}",
    eprint = "1802.02110",
    archivePrefix = "arXiv",
    primaryClass = "hep-ex",
    reportNumber = "CMS-SUS-16-038, CERN-EP-2018-003",
    doi = "10.1007/JHEP05(2018)025",
    journal = "JHEP",
    volume = "05",
    pages = "025",
    year = "2018"
} %137/ifb

@article{Sirunyan:2017kiw,
    author = "{CMS Collaboration}",
    collaboration = "CMS",
    title = "{Search for the pair production of third-generation squarks with two-body decays to a bottom or charm quark and a neutralino in proton--proton collisions at $\sqrt{s}$ = 13 TeV}",
    eprint = "1707.07274",
    archivePrefix = "arXiv",
    primaryClass = "hep-ex",
    reportNumber = "CMS-SUS-16-032, CERN-EP-2017-144",
    doi = "10.1016/j.physletb.2018.01.012",
    journal = "Phys. Lett. B",
    volume = "778",
    pages = "263",
    year = "2018"
} %36 /ifb

@article{Sirunyan:2017kqq,
    author = "{CMS Collaboration}",
    collaboration = "CMS",
    title = "{Search for new phenomena with the $M_{\mathrm {T2}}$ variable in the all-hadronic final state produced in proton--proton collisions at $\sqrt{s} = 13$ $\,\text {TeV}$}",
    eprint = "1705.04650",
    archivePrefix = "arXiv",
    primaryClass = "hep-ex",
    reportNumber = "CMS-SUS-16-036, CERN-EP-2017-084",
    doi = "10.1140/epjc/s10052-017-5267-x",
    journal = "Eur. Phys. J. C",
    volume = "77",
    number = "10",
    pages = "710",
    year = "2017"
} %36/ifb

@article{Sirunyan:2018kzh,
    author = "{CMS Collaboration}",
    collaboration = "CMS",
    title = "{Constraints on models of scalar and vector leptoquarks decaying to a quark and a neutrino at $\sqrt{s}=$ 13 TeV}",
    eprint = "1805.10228",
    archivePrefix = "arXiv",
    primaryClass = "hep-ex",
    reportNumber = "CMS-SUS-18-001, CERN-EP-2018-109",
    doi = "10.1103/PhysRevD.98.032005",
    journal = "Phys. Rev. D",
    volume = "98",
    number = "3",
    pages = "032005",
    year = "2018"
} %LQ, 36/ifb

@article{Sirunyan:2016jpr,
    author = "{CMS Collaboration}",
    collaboration = "CMS",
    title = "{Searches for pair production of third-generation squarks in $\sqrt{s}=13$ $\,\text {TeV}$ pp collisions}",
    eprint = "1612.03877",
    archivePrefix = "arXiv",
    primaryClass = "hep-ex",
    reportNumber = "CMS-SUS-16-008, CERN-EP-2016-284",
    doi = "10.1140/epjc/s10052-017-4853-2",
    journal = "Eur. Phys. J. C",
    volume = "77",
    number = "5",
    pages = "327",
    year = "2017"
} %2.3/ifb

@article{Khachatryan:2016xvy,
    author = "{CMS Collaboration}",
    collaboration = "CMS",
    title = "{Search for new physics with the M$_{T2}$ variable in all-jets final states produced in pp collisions at $ \sqrt{s}=13 $ TeV}",
    eprint = "1603.04053",
    archivePrefix = "arXiv",
    primaryClass = "hep-ex",
    reportNumber = "CMS-SUS-15-003, CERN-EP-2016-067",
    doi = "10.1007/JHEP10(2016)006",
    journal = "JHEP",
    volume = "10",
    pages = "006",
    year = "2016"
} %2.3/ifb

@article{Khachatryan:2016dvc,
    author = "{CMS Collaboration}",
    collaboration = "CMS",
    title = "{A search for new phenomena in pp collisions at $\sqrt{s} = 13\,\text {TeV} $ in final states with missing transverse momentum and at least one jet using the $\alpha _{\mathrm {T}}$ variable}",
    eprint = "1611.00338",
    archivePrefix = "arXiv",
    primaryClass = "hep-ex",
    reportNumber = "CMS-SUS-15-005, CERN-EP-2016-246",
    doi = "10.1140/epjc/s10052-017-4787-8",
    journal = "Eur. Phys. J. C",
    volume = "77",
    number = "5",
    pages = "294",
    year = "2017"
} %2.3/ifb

@article{Khachatryan:2015wza,
    author = "{CMS Collaboration}",
    collaboration = "CMS",
    title = "{Searches for third-generation squark production in fully hadronic final states in proton-proton collisions at $ \sqrt{s} = 8$ TeV}",
    eprint = "1503.08037",
    archivePrefix = "arXiv",
    primaryClass = "hep-ex",
    reportNumber = "CMS-SUS-14-001, CERN-PH-EP-2015-055",
    doi = "10.1007/JHEP06(2015)116",
    journal = "JHEP",
    volume = "06",
    pages = "116",
    year = "2015"
} %20/ifb

@article{Khachatryan:2015vra,
    author = "{CMS Collaboration}",
    collaboration = "CMS",
    title = "{Searches for Supersymmetry using the M$_{T2}$ Variable in Hadronic Events Produced in pp Collisions at 8 TeV}",
    eprint = "1502.04358",
    archivePrefix = "arXiv",
    primaryClass = "hep-ex",
    reportNumber = "CMS-SUS-13-019, CERN-PH-EP-2015-017",
    doi = "10.1007/JHEP05(2015)078",
    journal = "JHEP",
    volume = "05",
    pages = "078",
    year = "2015"
} %20/ifb

@article{Chatrchyan:2013lya,
    author = "{CMS Collaboration}",
    collaboration = "CMS",
    title = "{Search for Supersymmetry in Hadronic Final States with Missing Transverse Energy Using the Variables $\alpha_T$ and b-Quark Multiplicity in $pp$ collisions at $\sqrt{s}= 8$ TeV}",
    eprint = "1303.2985",
    archivePrefix = "arXiv",
    primaryClass = "hep-ex",
    reportNumber = "CMS-SUS-12-028, CERN-PH-EP-2013-037",
    doi = "10.1140/epjc/s10052-013-2568-6",
    journal = "Eur. Phys. J. C",
    volume = "73",
    number = "9",
    pages = "2568",
    year = "2013"
} %20/ifb

@article{Chatrchyan:2013sza,
    author = "{CMS Collaboration}",
    collaboration = "CMS",
    title = "{Interpretation of Searches for Supersymmetry with Simplified Models}",
    eprint = "1301.2175",
    archivePrefix = "arXiv",
    primaryClass = "hep-ex",
    reportNumber = "CMS-SUS-11-016, CERN-PH-EP-2012-351",
    doi = "10.1103/PhysRevD.88.052017",
    journal = "Phys. Rev. D",
    volume = "88",
    number = "5",
    pages = "052017",
    year = "2013"
} %4.7/ifb

@article{Chatrchyan:2012uea,
    author = "{CMS Collaboration}",
    collaboration = "CMS",
    title = "{Inclusive Search for Supersymmetry Using the Razor Variables in $pp$ Collisions at $\sqrt{s}=7$ TeV}",
    eprint = "1212.6961",
    archivePrefix = "arXiv",
    primaryClass = "hep-ex",
    reportNumber = "CMS-SUS-11-024, CERN-PH-EP-2012-332",
    doi = "10.1103/PhysRevLett.111.081802",
    journal = "Phys. Rev. Lett.",
    volume = "111",
    number = "8",
    pages = "081802",
    year = "2013"
} %4.7/ifb

@article{Chatrchyan:2012wa,
    author = "{CMS Collaboration}",
    collaboration = "CMS",
    title = "{Search for Supersymmetry in Final States with Missing Transverse Energy and 0, 1, 2, or at Least 3 b-Quark Jets in 7 TeV pp Collisions using the Variable $\alpha_T$}",
    eprint = "1210.8115",
    archivePrefix = "arXiv",
    primaryClass = "hep-ex",
    reportNumber = "CMS-SUS-11-022, CERN-PH-EP-2012-290",
    doi = "10.1007/JHEP01(2013)077",
    journal = "JHEP",
    volume = "01",
    pages = "077",
    year = "2013"
} %4.7/ifb

@Article{Fox:2008kb,
      author         = "Fox, Patrick J. and Poppitz, Erich",
      title          = "{Leptophilic dark matter}",
      journal        = "Phys. Rev. D",
      volume         = "79",
      year           = "2009",
      pages          = "083528",
      doi            = "10.1103/PhysRevD.79.083528",
      eprint         = "0811.0399",
      archivePrefix  = "arXiv",
      primaryClass   = "hep-ph",
      reportNumber   = "FERMILAB-PUB-08-505-T",
      SLACcitation   = "%%CITATION = ARXIV:0811.0399;%%"
}
@Article{Cassel:2009pu,
      author         = "Cassel, S. and Ghilencea, D. M. and Ross, G. G.",
      title          = "{Electroweak and dark matter constraints on a $Z'$ in models with a hidden valley}",
      journal        = "Nucl. Phys. B",
      volume         = "827",
      year           = "2010",
      pages          = "256-280",
      doi            = "10.1016/j.nuclphysb.2009.10.029",
      eprint         = "0903.1118",
      archivePrefix  = "arXiv",
      primaryClass   = "hep-ph",
      reportNumber   = "OUTP-09-06P",
      SLACcitation   = "%%CITATION = ARXIV:0903.1118;%%"
}
@Article{Bai:2010hh,
      author         = "Bai, Yang and Fox, Patrick J. and Harnik, Roni",
      title          = "{The Tevatron at the frontier of dark matter direct detection}",
      journal        = "JHEP",
      volume         = "12",
      year           = "2010",
      pages          = "048",
      doi            = "10.1007/JHEP12(2010)048",
      eprint         = "1005.3797",
      archivePrefix  = "arXiv",
      primaryClass   = "hep-ph",
      reportNumber   = "FERMILAB-PUB-10-143-T",
      SLACcitation   = "%%CITATION = ARXIV:1005.3797;%%"
}
@Article{Abdallah:2015ter,
      author         = "Abdallah, Jalal and others",
      title          = "{Simplified models for dark matter searches at the LHC}",
      journal        = "Phys. Dark Univ.",
      volume         = "9-10",
      year           = "2015",
      pages          = "8-23",
      doi            = "10.1016/j.dark.2015.08.001",
      eprint         = "1506.03116",
      archivePrefix  = "arXiv",
      primaryClass   = "hep-ph",
      reportNumber   = "FERMILAB-PUB-15-283-CD, CERN-PH-TH-2015-139",
      SLACcitation   = "%%CITATION = ARXIV:1506.03116;%%"
}
@article{dimop_suss,
      author         = "Dimopoulos, Savas and Susskind, Leonard",
      title          = "{Mass Without Scalars}",
      booktitle      = "{Proceedings: International Conference on High Energy
                        Physics, Geneva, Switzerland, Jun 27 - Jul 4, 1979: In 2
                        volumes}",
      journal        = "Nucl. Phys. B",
      volume         = "155",
      year           = "1979",
      pages          = "237-252",
      doi            = "10.1016/0550-3213(79)90364-X",
      reportNumber   = "CU-TP-147, ITP-626-STANFORD",
      SLACcitation   = "%%CITATION = NUPHA,B155,237;%%"
}
@article{techni2,
      author         = "Dimopoulos, Savas",
      title          = "{Technicolored Signatures}",
      booktitle      = "{Proceedings: International Conference on High Energy
                        Physics, Geneva, Switzerland, Jun 27 - Jul 4, 1979: In 2
                        volumes}",
      journal        = "Nucl. Phys. B",
      volume         = "168",
      year           = "1980",
      pages          = "69-92",
      doi            = "10.1016/0550-3213(80)90277-1",
      reportNumber   = "PRINT-79-0962 (STANFORD)",
      SLACcitation   = "%%CITATION = NUPHA,B168,69;%%"
}
@ARTICLE{techni3,
  author = {Eichten, E. and Lane, K.},
  title = {Dynamical breaking of weak interaction symmetries},
  journal = {Phys. Lett. B},
  year = {1980},
  volume = {90},
  pages = {125-130},
  number = {1,2},
  doi = {10.1016/0370-2693(80)90065-9},
}
@ARTICLE{string,
  author  = {Angelopoulos, V. D. and others},
  title   = {Search for new quarks suggested by the superstring},
  journal = {Nucl. Phys. B},
  year    = {1987},
  volume  = {292},
  pages   = {59-92},
  doi     = {doi:10.1016/0550-3213(87)90637-7},
}
@ARTICLE{comp,
  author = {Buchm{\"u}ller, W. and Wyler, D.},
  title = {{Constraints on SU(5)-type leptoquarks}},
  journal = {Phys. Lett. B},
  year = {1986},
  volume = {177},
  pages = {377-382},
  doi = {10.1016/0370-2693(86)90771-9}
}
@ARTICLE{pati_salam_colour,
  author = {Pati, J. C. and Salam, A.},
  title = {{Lepton number as the fourth ``colour''}},
  journal = {Phys. Rev. D},
  year = {1974},
  volume = {10},
  pages = {275-289},
  doi = {10.1103/PhysRevD.10.275},
  related = {pati_salam_colour_erratum},
  relatedstring = {Erratum:},
}
@ARTICLE{georgi_glashow_unification,
  author = {Georgi, H. and Glashow, S. L.},
  title = {{Unity of All Elementary-Particle Forces}},
  journal = {Phys. Rev. Lett.},
  year = {1974},
  volume = {32},
  pages = {438-441},
  doi = {10.1103/PhysRevLett.32.438}
}
@ARTICLE{Buchmuller:1986zs,
  author = {Buchm\"uller, W. and R\"uckl, R. and Wyler, D.},
  title = {{Leptoquarks in lepton - quark collisions}},
  journal = {Phys. Lett. B},
  year = {1987},
  volume = {191},
  pages = {442-448},
  doi = {10.1016/0370-2693(87)90637-X},
  reportnumber = {DESY-86-150, ITP-UH-14-86},
  slaccitation = {%%CITATION = PHLTA,B191,442;%%},
  related = {Buchmuller:1986zs_erratum},
  relatedstring = {Erratum: },
}
@Article{Aad:2700249,
      author        = "{ATLAS Collaboration}",
      title         = "{ATLAS data quality operations and performance for 2015-2018 data-taking}",
      doi = "10.1088/1748-0221/15/04/p04003",
      journal        = "JINST",
      year = "2020",
      volume = "15",
      pages = "P04003",
      eprint        = "1911.04632",
      archivePrefix  = "arXiv",
      primaryClass   = "physics.ins-det",
      reportNumber  = "CERN-EP-2019-207",
}
@Article{evtgen,
    author         = "{D. J. Lange}",
    title          = "{The EvtGen particle decay simulation package}",
    journal        = "Nucl. Instrum. Meth. A",
    volume         = "462",
    year           = "2001",
    pages          = "152",
    doi            = "10.1016/S0168-9002(01)00089-4",
    primaryClass   = "hep-ex",
}
@Article{:2010wqa,
     author         = "{ATLAS Collaboration}",
     title     = "{The ATLAS Simulation Infrastructure}",
     journal   = "Eur. Phys. J. C",
     volume    = "70",
     year      = "2010",
     pages     = "823",
     eprint    = "1005.4568",
     archivePrefix = "arXiv",
     primaryClass  =  "physics.ins-det",
     doi       = "10.1140/epjc/s10052-010-1429-9",
     SLACcitation  = "%%CITATION = 1005.4568;%%"
}
@article{A14tune,
     author         = "{ATLAS Collaboration}",
      title        = "Summary of ATLAS Pythia 8 tunes",
     journal       = "ATL-PHYS-PUB-2012-003",
       year           = "2012",    
     url     = "https://cdsweb.cern.ch/record/1474107",
}
@article{Aad:2013zwa,
      author =  "{ATLAS Collaboration}",
      title          = "{Characterisation and mitigation of beam-induced
                        backgrounds observed in the ATLAS detector during the 2011
                        proton-proton run}",
      collaboration  = "ATLAS",
      journal        = "JINST",
      volume         = "8",
      year           = "2013",
      pages          = "P07004",
      doi            = "10.1088/1748-0221/8/07/P07004",
      eprint         = "1303.0223",
      archivePrefix  = "arXiv",
      primaryClass   = "hep-ex",
      reportNumber   = "CERN-PH-EP-2012-313",
      SLACcitation   = "%%CITATION = ARXIV:1303.0223;%%"
}
@article{Aad:2019aic,
    author = "{ATLAS Collaboration}",
    collaboration = "ATLAS",
    title = "{ATLAS b-jet identification performance and efficiency measurement with $t{\bar{t}}$ events in pp collisions at $\sqrt{s}=13$ TeV}",
    eprint = "1907.05120",
    archivePrefix = "arXiv",
    primaryClass = "hep-ex",
    reportNumber = "CERN-EP-2019-132",
    doi = "10.1140/epjc/s10052-019-7450-8",
    journal = "Eur. Phys. J. C",
    volume = "79",
    number = "11",
    pages = "970",
    year = "2019"
}
@article{Aad:2019tso,
      author         = "{ATLAS Collaboration}",
      title          = "{Electron and photon performance measurements with the
                        ATLAS detector using the 2015-2017 LHC proton-proton
                        collision data}",
      collaboration  = "ATLAS",
      journal        = "JINST",
      volume         = "14",
      year           = "2019",
      pages          = "P12006",
      doi            = "10.1088/1748-0221/14/12/P12006",
      eprint         = "1908.00005",
      archivePrefix  = "arXiv",
      primaryClass   = "hep-ex",
      reportNumber   = "CERN-EP-2019-145",
      SLACcitation   = "%%CITATION = ARXIV:1908.00005;%%"
}
@article{Aaboud:2019ynx,
      author         = "{ATLAS Collaboration}",
      title          = "{Electron reconstruction and identification in the ATLAS
                        experiment using the 2015 and 2016 LHC proton-proton
                        collision data at $\sqrt{s}$ = 13 TeV}",
      collaboration  = "ATLAS",
      journal        = "Eur. Phys. J. C",
      volume         = "79",
      year           = "2019",
      pages          = "639",
      doi            = "10.1140/epjc/s10052-019-7140-6",
      eprint         = "1902.04655",
      archivePrefix  = "arXiv",
      primaryClass   = "physics.ins-det",
      reportNumber   = "CERN-EP-2018-273",
      SLACcitation   = "%%CITATION = ARXIV:1902.04655;%%"
}

@article{Aaboud:2016vfy,
      author        = "{ATLAS Collaboration}",     
      title          = "{Electron efficiency measurements with the ATLAS detector
                        using 2012 LHC proton-proton collision data}",
      collaboration  = "ATLAS",
      journal        = "Eur. Phys. J. C",
      volume         = "77",
      year           = "2017",
      number         = "3",
      pages          = "195",
      doi            = "10.1140/epjc/s10052-017-4756-2",
      eprint         = "1612.01456",
      archivePrefix  = "arXiv",
      primaryClass   = "hep-ex",
      reportNumber   = "CERN-EP-2016-262",
      SLACcitation   = "%%CITATION = ARXIV:1612.01456;%%"
}
@article{Aaboud:2018yqu,
    author = "{ATLAS Collaboration}",
    collaboration = "ATLAS",
    title = "{Measurement of the photon identification efficiencies with the ATLAS detector using LHC Run 2 data collected in 2015 and 2016}",
    eprint = "1810.05087",
    archivePrefix = "arXiv",
    primaryClass = "hep-ex",
    reportNumber = "CERN-EP-2018-216",
    doi = "10.1140/epjc/s10052-019-6650-6",
    journal = "Eur. Phys. J. C",
    volume = "79",
    number = "3",
    pages = "205",
    year = "2019"
}









